%YAML 1.1
%TAG !u! tag:unity3d.com,2011:
--- !u!29 &1
OcclusionCullingSettings:
  m_ObjectHideFlags: 0
  serializedVersion: 2
  m_OcclusionBakeSettings:
    smallestOccluder: 5
    smallestHole: 0.25
    backfaceThreshold: 100
  m_SceneGUID: 00000000000000000000000000000000
  m_OcclusionCullingData: {fileID: 0}
--- !u!104 &2
RenderSettings:
  m_ObjectHideFlags: 0
  serializedVersion: 9
  m_Fog: 0
  m_FogColor: {r: 0.5, g: 0.5, b: 0.5, a: 1}
  m_FogMode: 3
  m_FogDensity: 0.01
  m_LinearFogStart: 0
  m_LinearFogEnd: 300
  m_AmbientSkyColor: {r: 0.212, g: 0.227, b: 0.259, a: 1}
  m_AmbientEquatorColor: {r: 0.114, g: 0.125, b: 0.133, a: 1}
  m_AmbientGroundColor: {r: 0.047, g: 0.043, b: 0.035, a: 1}
  m_AmbientIntensity: 1
  m_AmbientMode: 3
  m_SubtractiveShadowColor: {r: 0.42, g: 0.478, b: 0.627, a: 1}
  m_SkyboxMaterial: {fileID: 0}
  m_HaloStrength: 0.5
  m_FlareStrength: 1
  m_FlareFadeSpeed: 3
  m_HaloTexture: {fileID: 0}
  m_SpotCookie: {fileID: 10001, guid: 0000000000000000e000000000000000, type: 0}
  m_DefaultReflectionMode: 0
  m_DefaultReflectionResolution: 128
  m_ReflectionBounces: 1
  m_ReflectionIntensity: 1
  m_CustomReflection: {fileID: 0}
  m_Sun: {fileID: 0}
  m_IndirectSpecularColor: {r: 0, g: 0, b: 0, a: 1}
  m_UseRadianceAmbientProbe: 0
--- !u!157 &3
LightmapSettings:
  m_ObjectHideFlags: 0
  serializedVersion: 12
  m_GIWorkflowMode: 1
  m_GISettings:
    serializedVersion: 2
    m_BounceScale: 1
    m_IndirectOutputScale: 1
    m_AlbedoBoost: 1
    m_EnvironmentLightingMode: 0
    m_EnableBakedLightmaps: 0
    m_EnableRealtimeLightmaps: 0
  m_LightmapEditorSettings:
    serializedVersion: 12
    m_Resolution: 2
    m_BakeResolution: 40
    m_AtlasSize: 1024
    m_AO: 0
    m_AOMaxDistance: 1
    m_CompAOExponent: 1
    m_CompAOExponentDirect: 0
    m_ExtractAmbientOcclusion: 0
    m_Padding: 2
    m_LightmapParameters: {fileID: 0}
    m_LightmapsBakeMode: 1
    m_TextureCompression: 1
    m_FinalGather: 0
    m_FinalGatherFiltering: 1
    m_FinalGatherRayCount: 256
    m_ReflectionCompression: 2
    m_MixedBakeMode: 2
    m_BakeBackend: 0
    m_PVRSampling: 1
    m_PVRDirectSampleCount: 32
    m_PVRSampleCount: 500
    m_PVRBounces: 2
    m_PVREnvironmentSampleCount: 500
    m_PVREnvironmentReferencePointCount: 2048
    m_PVRFilteringMode: 2
    m_PVRDenoiserTypeDirect: 0
    m_PVRDenoiserTypeIndirect: 0
    m_PVRDenoiserTypeAO: 0
    m_PVRFilterTypeDirect: 0
    m_PVRFilterTypeIndirect: 0
    m_PVRFilterTypeAO: 0
    m_PVREnvironmentMIS: 0
    m_PVRCulling: 1
    m_PVRFilteringGaussRadiusDirect: 1
    m_PVRFilteringGaussRadiusIndirect: 5
    m_PVRFilteringGaussRadiusAO: 2
    m_PVRFilteringAtrousPositionSigmaDirect: 0.5
    m_PVRFilteringAtrousPositionSigmaIndirect: 2
    m_PVRFilteringAtrousPositionSigmaAO: 1
    m_ExportTrainingData: 0
    m_TrainingDataDestination: TrainingData
    m_LightProbeSampleCountMultiplier: 4
  m_LightingDataAsset: {fileID: 0}
  m_LightingSettings: {fileID: 0}
--- !u!196 &4
NavMeshSettings:
  serializedVersion: 2
  m_ObjectHideFlags: 0
  m_BuildSettings:
    serializedVersion: 2
    agentTypeID: 0
    agentRadius: 0.5
    agentHeight: 2
    agentSlope: 45
    agentClimb: 0.4
    ledgeDropHeight: 0
    maxJumpAcrossDistance: 0
    minRegionArea: 2
    manualCellSize: 0
    cellSize: 0.16666667
    manualTileSize: 0
    tileSize: 256
    accuratePlacement: 0
    maxJobWorkers: 0
    preserveTilesOutsideBounds: 0
    debug:
      m_Flags: 0
  m_NavMeshData: {fileID: 0}
--- !u!114 &218665360 stripped
MonoBehaviour:
  m_CorrespondingSourceObject: {fileID: 5768091043974917709, guid: d4d89f80631cc694badfd1fcac80086f, type: 3}
  m_PrefabInstance: {fileID: 5768091043789815773}
  m_PrefabAsset: {fileID: 0}
  m_GameObject: {fileID: 0}
  m_Enabled: 1
  m_EditorHideFlags: 0
  m_Script: {fileID: 11500000, guid: c9584448691f33e48bf9bbdbb310e3ce, type: 3}
  m_Name: 
  m_EditorClassIdentifier: 
--- !u!1 &409381836
GameObject:
  m_ObjectHideFlags: 0
  m_CorrespondingSourceObject: {fileID: 0}
  m_PrefabInstance: {fileID: 0}
  m_PrefabAsset: {fileID: 0}
  serializedVersion: 6
  m_Component:
  - component: {fileID: 409381838}
  - component: {fileID: 409381837}
  - component: {fileID: 409381839}
  m_Layer: 0
  m_Name: Map
  m_TagString: Untagged
  m_Icon: {fileID: 0}
  m_NavMeshLayer: 0
  m_StaticEditorFlags: 0
  m_IsActive: 1
--- !u!114 &409381837
MonoBehaviour:
  m_ObjectHideFlags: 0
  m_CorrespondingSourceObject: {fileID: 0}
  m_PrefabInstance: {fileID: 0}
  m_PrefabAsset: {fileID: 0}
  m_GameObject: {fileID: 409381836}
  m_Enabled: 1
  m_EditorHideFlags: 0
  m_Script: {fileID: 11500000, guid: 9d3001686ed092244bdb23ccab012c45, type: 3}
  m_Name: 
  m_EditorClassIdentifier: 
  asset: {fileID: 11400000, guid: 3c650b65b4262bd4c9c8be25426f22cb, type: 2}
--- !u!4 &409381838
Transform:
  m_ObjectHideFlags: 0
  m_CorrespondingSourceObject: {fileID: 0}
  m_PrefabInstance: {fileID: 0}
  m_PrefabAsset: {fileID: 0}
  m_GameObject: {fileID: 409381836}
  m_LocalRotation: {x: 0, y: 0, z: 0, w: 1}
  m_LocalPosition: {x: 0, y: 0, z: 0}
  m_LocalScale: {x: 1, y: 1, z: 1}
  m_Children: []
  m_Father: {fileID: 0}
  m_RootOrder: 4
  m_LocalEulerAnglesHint: {x: 0, y: 0, z: 0}
--- !u!156049354 &409381839
Grid:
  m_ObjectHideFlags: 0
  m_CorrespondingSourceObject: {fileID: 0}
  m_PrefabInstance: {fileID: 0}
  m_PrefabAsset: {fileID: 0}
  m_GameObject: {fileID: 409381836}
  m_Enabled: 1
  m_CellSize: {x: 0.7, y: 0.7, z: 0}
  m_CellGap: {x: 0, y: 0, z: 0}
  m_CellLayout: 0
  m_CellSwizzle: 0
--- !u!1 &519420028
GameObject:
  m_ObjectHideFlags: 0
  m_CorrespondingSourceObject: {fileID: 0}
  m_PrefabInstance: {fileID: 0}
  m_PrefabAsset: {fileID: 0}
  serializedVersion: 6
  m_Component:
  - component: {fileID: 519420032}
  - component: {fileID: 519420031}
  - component: {fileID: 519420029}
  - component: {fileID: 519420030}
  m_Layer: 0
  m_Name: Main Camera
  m_TagString: MainCamera
  m_Icon: {fileID: 0}
  m_NavMeshLayer: 0
  m_StaticEditorFlags: 0
  m_IsActive: 1
--- !u!81 &519420029
AudioListener:
  m_ObjectHideFlags: 0
  m_CorrespondingSourceObject: {fileID: 0}
  m_PrefabInstance: {fileID: 0}
  m_PrefabAsset: {fileID: 0}
  m_GameObject: {fileID: 519420028}
  m_Enabled: 1
--- !u!114 &519420030
MonoBehaviour:
  m_ObjectHideFlags: 0
  m_CorrespondingSourceObject: {fileID: 0}
  m_PrefabInstance: {fileID: 0}
  m_PrefabAsset: {fileID: 0}
  m_GameObject: {fileID: 519420028}
  m_Enabled: 1
  m_EditorHideFlags: 0
  m_Script: {fileID: 11500000, guid: 72ece51f2901e7445ab60da3685d6b5f, type: 3}
  m_Name: 
  m_EditorClassIdentifier: 
  m_ShowDebugText: 0
  m_ShowCameraFrustum: 1
  m_IgnoreTimeScale: 0
  m_WorldUpOverride: {fileID: 0}
  m_UpdateMethod: 2
  m_BlendUpdateMethod: 1
  m_DefaultBlend:
    m_Style: 1
    m_Time: 2
    m_CustomCurve:
      serializedVersion: 2
      m_Curve: []
      m_PreInfinity: 2
      m_PostInfinity: 2
      m_RotationOrder: 4
  m_CustomBlends: {fileID: 0}
  m_CameraCutEvent:
    m_PersistentCalls:
      m_Calls: []
  m_CameraActivatedEvent:
    m_PersistentCalls:
      m_Calls: []
--- !u!20 &519420031
Camera:
  m_ObjectHideFlags: 0
  m_CorrespondingSourceObject: {fileID: 0}
  m_PrefabInstance: {fileID: 0}
  m_PrefabAsset: {fileID: 0}
  m_GameObject: {fileID: 519420028}
  m_Enabled: 1
  serializedVersion: 2
  m_ClearFlags: 2
  m_BackGroundColor: {r: 0.10946956, g: 0.41593307, b: 0.5660378, a: 0}
  m_projectionMatrixMode: 1
  m_GateFitMode: 2
  m_FOVAxisMode: 0
  m_SensorSize: {x: 36, y: 24}
  m_LensShift: {x: 0, y: 0}
  m_FocalLength: 50
  m_NormalizedViewPortRect:
    serializedVersion: 2
    x: 0
    y: 0
    width: 1
    height: 1
  near clip plane: 0.1
  far clip plane: 100
  field of view: 40
  orthographic: 1
  orthographic size: 6
  m_Depth: -1
  m_CullingMask:
    serializedVersion: 2
    m_Bits: 4294967295
  m_RenderingPath: -1
  m_TargetTexture: {fileID: 0}
  m_TargetDisplay: 0
  m_TargetEye: 0
  m_HDR: 1
  m_AllowMSAA: 0
  m_AllowDynamicResolution: 0
  m_ForceIntoRT: 0
  m_OcclusionCulling: 0
  m_StereoConvergence: 10
  m_StereoSeparation: 0.022
--- !u!4 &519420032
Transform:
  m_ObjectHideFlags: 0
  m_CorrespondingSourceObject: {fileID: 0}
  m_PrefabInstance: {fileID: 0}
  m_PrefabAsset: {fileID: 0}
  m_GameObject: {fileID: 519420028}
  m_LocalRotation: {x: 0, y: 0, z: 0, w: 1}
  m_LocalPosition: {x: -0.35, y: 2.45, z: -10}
  m_LocalScale: {x: 1, y: 1, z: 1}
  m_Children: []
  m_Father: {fileID: 0}
  m_RootOrder: 0
  m_LocalEulerAnglesHint: {x: 0, y: 0, z: 0}
--- !u!4 &1295718723 stripped
Transform:
  m_CorrespondingSourceObject: {fileID: 1536254696179814708, guid: cfd4c7130ba2acd468de612a291fd2b4, type: 3}
  m_PrefabInstance: {fileID: 1739865680}
  m_PrefabAsset: {fileID: 0}
--- !u!1001 &1739865680
PrefabInstance:
  m_ObjectHideFlags: 0
  serializedVersion: 2
  m_Modification:
    m_TransformParent: {fileID: 0}
    m_Modifications:
    - target: {fileID: 1360125209, guid: cfd4c7130ba2acd468de612a291fd2b4, type: 3}
      propertyPath: m_Enabled
      value: 1
      objectReference: {fileID: 0}
    - target: {fileID: 1360125209, guid: cfd4c7130ba2acd468de612a291fd2b4, type: 3}
      propertyPath: walkableCells.a
      value: 0.4
      objectReference: {fileID: 0}
    - target: {fileID: 1360125209, guid: cfd4c7130ba2acd468de612a291fd2b4, type: 3}
      propertyPath: walkableCells.b
      value: 0
      objectReference: {fileID: 0}
    - target: {fileID: 1360125209, guid: cfd4c7130ba2acd468de612a291fd2b4, type: 3}
      propertyPath: walkableCells.g
      value: 0
      objectReference: {fileID: 0}
    - target: {fileID: 1360125209, guid: cfd4c7130ba2acd468de612a291fd2b4, type: 3}
      propertyPath: walkableCells.r
      value: 0
      objectReference: {fileID: 0}
    - target: {fileID: 1360125209, guid: cfd4c7130ba2acd468de612a291fd2b4, type: 3}
      propertyPath: pathColor.atime0
      value: 0
      objectReference: {fileID: 0}
    - target: {fileID: 1360125209, guid: cfd4c7130ba2acd468de612a291fd2b4, type: 3}
      propertyPath: pathColor.key0.a
      value: 0.2509804
      objectReference: {fileID: 0}
    - target: {fileID: 1360125209, guid: cfd4c7130ba2acd468de612a291fd2b4, type: 3}
      propertyPath: pathColor.key1.a
      value: 0.2509804
      objectReference: {fileID: 0}
    - target: {fileID: 1536254696179814708, guid: cfd4c7130ba2acd468de612a291fd2b4, type: 3}
      propertyPath: m_RootOrder
      value: 2
      objectReference: {fileID: 0}
    - target: {fileID: 1536254696179814708, guid: cfd4c7130ba2acd468de612a291fd2b4, type: 3}
      propertyPath: m_LocalPosition.x
      value: -0.35
      objectReference: {fileID: 0}
    - target: {fileID: 1536254696179814708, guid: cfd4c7130ba2acd468de612a291fd2b4, type: 3}
      propertyPath: m_LocalPosition.y
      value: 2.45
      objectReference: {fileID: 0}
    - target: {fileID: 1536254696179814708, guid: cfd4c7130ba2acd468de612a291fd2b4, type: 3}
      propertyPath: m_LocalPosition.z
      value: 0
      objectReference: {fileID: 0}
    - target: {fileID: 1536254696179814708, guid: cfd4c7130ba2acd468de612a291fd2b4, type: 3}
      propertyPath: m_LocalRotation.w
      value: 1
      objectReference: {fileID: 0}
    - target: {fileID: 1536254696179814708, guid: cfd4c7130ba2acd468de612a291fd2b4, type: 3}
      propertyPath: m_LocalRotation.x
      value: 0
      objectReference: {fileID: 0}
    - target: {fileID: 1536254696179814708, guid: cfd4c7130ba2acd468de612a291fd2b4, type: 3}
      propertyPath: m_LocalRotation.y
      value: 0
      objectReference: {fileID: 0}
    - target: {fileID: 1536254696179814708, guid: cfd4c7130ba2acd468de612a291fd2b4, type: 3}
      propertyPath: m_LocalRotation.z
      value: 0
      objectReference: {fileID: 0}
    - target: {fileID: 1536254696179814708, guid: cfd4c7130ba2acd468de612a291fd2b4, type: 3}
      propertyPath: m_LocalEulerAnglesHint.x
      value: 0
      objectReference: {fileID: 0}
    - target: {fileID: 1536254696179814708, guid: cfd4c7130ba2acd468de612a291fd2b4, type: 3}
      propertyPath: m_LocalEulerAnglesHint.y
      value: 0
      objectReference: {fileID: 0}
    - target: {fileID: 1536254696179814708, guid: cfd4c7130ba2acd468de612a291fd2b4, type: 3}
      propertyPath: m_LocalEulerAnglesHint.z
      value: 0
      objectReference: {fileID: 0}
    - target: {fileID: 2894069574191537262, guid: cfd4c7130ba2acd468de612a291fd2b4, type: 3}
      propertyPath: map
      value: 
      objectReference: {fileID: 409381837}
    - target: {fileID: 2894069574191537262, guid: cfd4c7130ba2acd468de612a291fd2b4, type: 3}
      propertyPath: pathFinder
      value: 
      objectReference: {fileID: 218665360}
    - target: {fileID: 5207657085170852904, guid: cfd4c7130ba2acd468de612a291fd2b4, type: 3}
      propertyPath: m_Name
      value: Player Platformer
      objectReference: {fileID: 0}
    m_RemovedComponents: []
  m_SourcePrefab: {fileID: 100100000, guid: cfd4c7130ba2acd468de612a291fd2b4, type: 3}
--- !u!1001 &5768091043789815773
PrefabInstance:
  m_ObjectHideFlags: 0
  serializedVersion: 2
  m_Modification:
    m_TransformParent: {fileID: 0}
    m_Modifications:
    - target: {fileID: 5768091043974917709, guid: d4d89f80631cc694badfd1fcac80086f, type: 3}
      propertyPath: debug
      value: 1
      objectReference: {fileID: 0}
    - target: {fileID: 5768091043974917709, guid: d4d89f80631cc694badfd1fcac80086f, type: 3}
      propertyPath: debugStep
      value: 56
      objectReference: {fileID: 0}
    - target: {fileID: 5768091043974917712, guid: d4d89f80631cc694badfd1fcac80086f, type: 3}
      propertyPath: m_Name
      value: Pathfinder
      objectReference: {fileID: 0}
    - target: {fileID: 5768091043974917714, guid: d4d89f80631cc694badfd1fcac80086f, type: 3}
      propertyPath: arrowGap
      value: 0
      objectReference: {fileID: 0}
    - target: {fileID: 5768091043974917714, guid: d4d89f80631cc694badfd1fcac80086f, type: 3}
      propertyPath: debugStep
      value: 58
      objectReference: {fileID: 0}
    - target: {fileID: 5768091043974917714, guid: d4d89f80631cc694badfd1fcac80086f, type: 3}
      propertyPath: m_Enabled
      value: 1
      objectReference: {fileID: 0}
    - target: {fileID: 5768091043974917714, guid: d4d89f80631cc694badfd1fcac80086f, type: 3}
      propertyPath: debugGoal._x
      value: 3
      objectReference: {fileID: 0}
    - target: {fileID: 5768091043974917714, guid: d4d89f80631cc694badfd1fcac80086f, type: 3}
      propertyPath: debugGoal._y
      value: 12
      objectReference: {fileID: 0}
    - target: {fileID: 5768091043974917714, guid: d4d89f80631cc694badfd1fcac80086f, type: 3}
      propertyPath: stepDebugger
      value: 0
      objectReference: {fileID: 0}
    - target: {fileID: 5768091043974917714, guid: d4d89f80631cc694badfd1fcac80086f, type: 3}
      propertyPath: debugStart._x
      value: -1
      objectReference: {fileID: 0}
    - target: {fileID: 5768091043974917714, guid: d4d89f80631cc694badfd1fcac80086f, type: 3}
      propertyPath: debugStart._y
      value: -2
      objectReference: {fileID: 0}
    - target: {fileID: 5768091043974917714, guid: d4d89f80631cc694badfd1fcac80086f, type: 3}
      propertyPath: boundryColor.b
      value: 1
      objectReference: {fileID: 0}
    - target: {fileID: 5768091043974917714, guid: d4d89f80631cc694badfd1fcac80086f, type: 3}
      propertyPath: boundryColor.g
      value: 1
      objectReference: {fileID: 0}
    - target: {fileID: 5768091043974917714, guid: d4d89f80631cc694badfd1fcac80086f, type: 3}
      propertyPath: boundryColor.r
      value: 0
      objectReference: {fileID: 0}
    - target: {fileID: 5768091043974917714, guid: d4d89f80631cc694badfd1fcac80086f, type: 3}
      propertyPath: historyColor.a
      value: 0.5019608
      objectReference: {fileID: 0}
    - target: {fileID: 5768091043974917715, guid: d4d89f80631cc694badfd1fcac80086f, type: 3}
      propertyPath: m_RootOrder
      value: 3
      objectReference: {fileID: 0}
    - target: {fileID: 5768091043974917715, guid: d4d89f80631cc694badfd1fcac80086f, type: 3}
      propertyPath: m_LocalPosition.x
      value: 0
      objectReference: {fileID: 0}
    - target: {fileID: 5768091043974917715, guid: d4d89f80631cc694badfd1fcac80086f, type: 3}
      propertyPath: m_LocalPosition.y
      value: 0
      objectReference: {fileID: 0}
    - target: {fileID: 5768091043974917715, guid: d4d89f80631cc694badfd1fcac80086f, type: 3}
      propertyPath: m_LocalPosition.z
      value: -10
      objectReference: {fileID: 0}
    - target: {fileID: 5768091043974917715, guid: d4d89f80631cc694badfd1fcac80086f, type: 3}
      propertyPath: m_LocalRotation.w
      value: 1
      objectReference: {fileID: 0}
    - target: {fileID: 5768091043974917715, guid: d4d89f80631cc694badfd1fcac80086f, type: 3}
      propertyPath: m_LocalRotation.x
      value: 0
      objectReference: {fileID: 0}
    - target: {fileID: 5768091043974917715, guid: d4d89f80631cc694badfd1fcac80086f, type: 3}
      propertyPath: m_LocalRotation.y
      value: 0
      objectReference: {fileID: 0}
    - target: {fileID: 5768091043974917715, guid: d4d89f80631cc694badfd1fcac80086f, type: 3}
      propertyPath: m_LocalRotation.z
      value: 0
      objectReference: {fileID: 0}
    - target: {fileID: 5768091043974917715, guid: d4d89f80631cc694badfd1fcac80086f, type: 3}
      propertyPath: m_LocalEulerAnglesHint.x
      value: 0
      objectReference: {fileID: 0}
    - target: {fileID: 5768091043974917715, guid: d4d89f80631cc694badfd1fcac80086f, type: 3}
      propertyPath: m_LocalEulerAnglesHint.y
      value: 0
      objectReference: {fileID: 0}
    - target: {fileID: 5768091043974917715, guid: d4d89f80631cc694badfd1fcac80086f, type: 3}
      propertyPath: m_LocalEulerAnglesHint.z
      value: 0
      objectReference: {fileID: 0}
    m_RemovedComponents: []
  m_SourcePrefab: {fileID: 100100000, guid: d4d89f80631cc694badfd1fcac80086f, type: 3}
--- !u!1001 &5964906336448656036
PrefabInstance:
  m_ObjectHideFlags: 0
  serializedVersion: 2
  m_Modification:
    m_TransformParent: {fileID: 0}
    m_Modifications:
    - target: {fileID: 5964906337200231645, guid: 2227c51a374733c4f96967b4491f51af, type: 3}
      propertyPath: m_Name
      value: VCam
      objectReference: {fileID: 0}
    - target: {fileID: 5964906337200231645, guid: 2227c51a374733c4f96967b4491f51af, type: 3}
      propertyPath: m_IsActive
      value: 1
      objectReference: {fileID: 0}
    - target: {fileID: 5964906337200231646, guid: 2227c51a374733c4f96967b4491f51af, type: 3}
      propertyPath: m_Follow
      value: 
      objectReference: {fileID: 1295718723}
    - target: {fileID: 5964906337200231646, guid: 2227c51a374733c4f96967b4491f51af, type: 3}
      propertyPath: m_Enabled
      value: 1
      objectReference: {fileID: 0}
    - target: {fileID: 5964906337200231646, guid: 2227c51a374733c4f96967b4491f51af, type: 3}
      propertyPath: m_ComponentOwner
      value: 
      objectReference: {fileID: 5964906336448656039}
    - target: {fileID: 5964906337200231646, guid: 2227c51a374733c4f96967b4491f51af, type: 3}
      propertyPath: m_Lens.OrthographicSize
      value: 6
      objectReference: {fileID: 0}
    - target: {fileID: 5964906337200231647, guid: 2227c51a374733c4f96967b4491f51af, type: 3}
      propertyPath: m_RootOrder
      value: 1
      objectReference: {fileID: 0}
    - target: {fileID: 5964906337200231647, guid: 2227c51a374733c4f96967b4491f51af, type: 3}
      propertyPath: m_LocalPosition.x
      value: -0.35
      objectReference: {fileID: 0}
    - target: {fileID: 5964906337200231647, guid: 2227c51a374733c4f96967b4491f51af, type: 3}
      propertyPath: m_LocalPosition.y
      value: 2.45
      objectReference: {fileID: 0}
    - target: {fileID: 5964906337200231647, guid: 2227c51a374733c4f96967b4491f51af, type: 3}
      propertyPath: m_LocalPosition.z
      value: -10
      objectReference: {fileID: 0}
    - target: {fileID: 5964906337200231647, guid: 2227c51a374733c4f96967b4491f51af, type: 3}
      propertyPath: m_LocalRotation.w
      value: 1
      objectReference: {fileID: 0}
    - target: {fileID: 5964906337200231647, guid: 2227c51a374733c4f96967b4491f51af, type: 3}
      propertyPath: m_LocalRotation.x
      value: 0
      objectReference: {fileID: 0}
    - target: {fileID: 5964906337200231647, guid: 2227c51a374733c4f96967b4491f51af, type: 3}
      propertyPath: m_LocalRotation.y
      value: 0
      objectReference: {fileID: 0}
    - target: {fileID: 5964906337200231647, guid: 2227c51a374733c4f96967b4491f51af, type: 3}
      propertyPath: m_LocalRotation.z
      value: 0
      objectReference: {fileID: 0}
    - target: {fileID: 5964906337200231647, guid: 2227c51a374733c4f96967b4491f51af, type: 3}
      propertyPath: m_LocalEulerAnglesHint.x
      value: 0
      objectReference: {fileID: 0}
    - target: {fileID: 5964906337200231647, guid: 2227c51a374733c4f96967b4491f51af, type: 3}
      propertyPath: m_LocalEulerAnglesHint.y
      value: 0
      objectReference: {fileID: 0}
    - target: {fileID: 5964906337200231647, guid: 2227c51a374733c4f96967b4491f51af, type: 3}
      propertyPath: m_LocalEulerAnglesHint.z
      value: 0
      objectReference: {fileID: 0}
    m_RemovedComponents: []
  m_SourcePrefab: {fileID: 100100000, guid: 2227c51a374733c4f96967b4491f51af, type: 3}
--- !u!1 &5964906336448656037 stripped
GameObject:
  m_CorrespondingSourceObject: {fileID: 5964906336632728401, guid: 2227c51a374733c4f96967b4491f51af, type: 3}
  m_PrefabInstance: {fileID: 5964906336448656036}
  m_PrefabAsset: {fileID: 0}
--- !u!114 &5964906336448656038
MonoBehaviour:
  m_ObjectHideFlags: 3
  m_CorrespondingSourceObject: {fileID: 0}
  m_PrefabInstance: {fileID: 0}
  m_PrefabAsset: {fileID: 0}
  m_GameObject: {fileID: 5964906336448656037}
  m_Enabled: 1
  m_EditorHideFlags: 0
  m_Script: {fileID: 11500000, guid: 6ad980451443d70438faac0bc6c235a0, type: 3}
  m_Name: 
  m_EditorClassIdentifier: 
  m_TrackedObjectOffset: {x: 0, y: 0, z: 0}
  m_LookaheadTime: 1
  m_LookaheadSmoothing: 30
  m_LookaheadIgnoreY: 0
  m_XDamping: 1.5
  m_YDamping: 1.5
  m_ZDamping: 1.5
  m_TargetMovementOnly: 1
  m_ScreenX: 0.5
  m_ScreenY: 0.5
  m_CameraDistance: 10
  m_DeadZoneWidth: 0
  m_DeadZoneHeight: 0
  m_DeadZoneDepth: 0
  m_UnlimitedSoftZone: 0
  m_SoftZoneWidth: 0.8
  m_SoftZoneHeight: 0.8
  m_BiasX: 0
  m_BiasY: 0
  m_CenterOnActivate: 1
  m_GroupFramingMode: 2
  m_AdjustmentMode: 0
  m_GroupFramingSize: 0.8
  m_MaxDollyIn: 5000
  m_MaxDollyOut: 5000
  m_MinimumDistance: 1
  m_MaximumDistance: 5000
  m_MinimumFOV: 3
  m_MaximumFOV: 60
  m_MinimumOrthoSize: 1
  m_MaximumOrthoSize: 5000
--- !u!4 &5964906336448656039 stripped
Transform:
  m_CorrespondingSourceObject: {fileID: 5964906336632728402, guid: 2227c51a374733c4f96967b4491f51af, type: 3}
  m_PrefabInstance: {fileID: 5964906336448656036}
  m_PrefabAsset: {fileID: 0}
